@article{
  Yuzan2019,
  doi = {10.5281/ZENODO.3747672},
  url = {https://zenodo.org/record/3747672},
  author = {{Yuzana Hlaing} and {Nyein Aye Maung Maung}},
  language = {en},
  title = {Time-Difference-of-Arrival (TDoA) Based Wireless Indoor Localization Using an Effective Hybrid Time Synchronization},
  publisher = {Zenodo},
  year = {2019},
  copyright = {Creative Commons Attribution 4.0 International}
}
@article{Keefe2017,
  title={Finding location with time of arrival and time difference of arrival techniques},
  author={Oâ€™Keefe, Brian},
  journal={ECE Senior Capstone Project},
  year={2017}
}